@book{abiteboul2012web,
  title={Web data management},
  author={Abiteboul, Serge and Manolescu, Ioana and Rigaux, Philippe and Rousset, Marie-Christine and Senellart, Pierre and others},
  year={2012},
  publisher={Cambridge University Press}
}